@article{Mazo2012,
	author	= {Ra√∫l Mazo and Camille Salinesi and Daniel Diaz and Olfa Djebbi and Alberto Lora-Michiels},
	title	= {Constraints: The Heart of Domain and Application Engineering in the Product
Lines Engineering Strategy},
	journal	= {International Journal of Information System Modeling and Design},
	volume	= {3},
	number	= {2},
	year	= {2012}
}

@book{Sommerville2011,
  title={Engenharia de Software - 9{\textordfeminine} Edi{\c{c}}{\~a}o},
  author={Sommerville, Ian},
  year={2011},
  publisher={Pearson Prentice Hall}
}

@book{pressman2011,
  title={Engenharia de Software, uma abordagem profissional--7{\textordfeminine} Edi{\c{c}}{\~a}o},
  author={Pressman, Roger and Maxim, Bruce},
  year={2011},
  publisher={McGraw Hill Brasil}
}